@misc{mind,
    title = {{/dev/.mind/} Hashlife },
    howpublished = {\url{https://www.dev-mind.blog/hashlife/}}
  
    
}

@misc{Golly,
    title = {{Golly} Game of life },
    howpublished = {\url{https://golly.sourceforge.net/webapp/golly.html}}
}

@misc{Mathmatique,
    title = {{Mathmatique} Jeu de la vie },
    howpublished = {\url{http://pdbzro.com/gags/math/jeudelavie.pdf}}
}

@misc{WIKIPEDIA,
    title = {{WIKIPEDIA} Hashlife  },
    howpublished = {\url{https://en.wikipedia.org/wiki/Hashlife}},
   
}
@misc{WIKIP,
    title = {{WIKIPEDIA} Jeu de la vie  },
    howpublished = {\url{https://fr.wikipedia.org/wiki/Jeu_de_la_vie}},
   
}
